@inproceedings{ab-equivalence,
  title={An Equivalence-Preserving CPS Translation via Multi-Language Semantics},
  author={Amal Ahmed and Matthias Blume},
  booktitle={ICFP},
  year={2011},
}
@inproceedings{mt-equivalence,
  title={Equivalence in Functional Languages with Effects},
  author={Ian Mason and Carolyn Talcott},
  booktitle={Journal of Functional Programming},
  year={1990}
}
@article{p-howe,
  title={Howe's method for higher-order languages},
  author={Andrew Pitts},
  booktitle={Advanced Topics in Bisimulation and Coinduction},
  year={2011}
}