@inproceedings{l-next,
  title={The Next 700 Programming Languages},
  author={Peter J. Landin},
  booktitle={CACM},
  year={1966},
}
