@inproceedings{st-gradual,
  title={Gradual Typing for Functional Languages},
  author={Jeremy G. Siek and Walid Taha},
  booktitle={SFP},
  year={2006},
}
@book{p-tapl,
  title={Types and Programming Languages},
  author={Benjamin C. Pierce},
  year={2002},
  publisher={MIT Press}
},
