@inproceedings{kw-macro,
  title={Macro-By-Example: Deriving Syntactic Transformations from their Specifications},
  author={Eugene E. Kohlbecker and Mitchell Wand},
  booktitle={POPL},
  year={1986},
  note={\url{ftp://www.cs.indiana.edu/pub/techreports/TR206.pdf}},
}
