@inproceedings{r-separation,
  title={Separation Logic: A Logic for Shared Mutable Data Structures},
  author={John C. Reynolds},
  booktitle={LICS},
  year={2002},
}
@inproceedings{i-bi,
  title={{BI} as an Assertion Language for Mutable Data Structures},
  author={Samin Ishtiaq and Peter O'Hearn},
  booktitle={POPL},
  year={2001}
}
