@inproceedings{tf-interlanguage,
  title={Interlanguage Migration: From Scripts to Programs},
  author={Sam Tobin-Hochstadt and Matthias Felleisen},
  booktitle={DLS},
  year={2006},
}

@inproceedings{ff-contracts,
  title={Contracts for Higher-Order Functions},
  author={Robert Bruce Findler and Matthias Felleisen},
  booktitle={ICFP},
  year={2002},
}

