@article{src,
  title={The {C}omp{C}ert Verified {C} Compiler Commented Coq Development},
  author={Xavier Leroy},
  year={2015},
  note={\url{http://compcert.inria.fr/doc/index.html}~Last updated 2015-06-12}
}
@article{refman,
  title={The {C}omp{C}ert Verified {C} Compiler Documentation and user's manual},
  author={Xavier Leroy},
  year={2015},
  note={\url{http://compcert.inria.fr/man/manual.pdf}~Last updated 2015-06-11}
}
@article{website,
  title={{C}omp{C}ert},
  author={{INRIA}},
  note={\url{http://compcert.inria.fr/index.html}~Accessed 2015-11-08}
}
@inproceedings{l-formally,
  title={A formally verified compiler back-end},
  author={Xavier Leroy},
  booktitle={Journal of Automated Reasoning},
  year={2009}
}  
@inproceedings{b-size,
  title={On the Size of Machines},
  author={Manuel Blum},
  booktitle={Information and Control},
  volume={11},
  year={1967},
  note={\url{http://www.cs.cornell.edu/courses/cs6110/2015sp/docs/Blum-size-theorem.pdf}}
}
@article{airbus-slides,
  title={Industrial Use of {C}omp{C}ert on a Safety-Critical Software Product},
  author={Jean Souyris},
  note={Presented on 2004-02-04},
  year={2004},
  note={\url{http://projects.laas.fr/IFSE/FMF/J3/slides/P05_Jean_Souyiris.pdf}}
}
@article{ansi-c,
  title={{AS} 3955-1991},
  author={{IT}-015},
  year={1991},
  note={\url{http://infostore.saiglobal.com/store/Details.aspx?ProductID=306911}}
}
@article{iso-c99,
  title={{ISO/IEC} 9899:{TC}3},
  author={{WG}14/N1256},
  year={2007},
  note={\url{http://port70.net/~nsz/c/c99/n1256.pdf}~Committee draft, September 7},
}
@article{java-spec,
  title={The {J}ava Language Specification},
  author={James Gosling and Bill Joy and Guy Steele and Gilad Bracha and Alex Buckley},
  year={2014},
  note={\url{https://docs.oracle.com/javase/specs/jls/se8/jls8.pdf}}
}
@article{misra-spec,
  title={{MISRA-C}:2004 Guidelines for the use of the {C} language in critical systems},
  author={Motor Industry Software Reliability Association},
  year={2004},
  note={\url{http://caxapa.ru/thumbs/468328/misra-c-2004.pdf}}
}
@inproceedings{klw-formal,
  title={Formal {C} semantics: {C}omp{C}ert and the {C} standard},
  author={Robbert Krebbers and Xavier Leroy and Freek Wiedijk},
  booktitle={ITP},
  year={2014}
}
@inproceedings{ycer-finding,
  title={Finding and Understanding bugs in {C} Compilers},
  author={Xuejun Yang and Yang Chen and Eric Eide and John Regehr},
  booktitle={PLDI},
  year={2011}
}
@article{labs-memory,
  title={The {C}omp{C}ert Memory Model},
  author={Xavier Leroy and Andrew Appel and Sandrine Blazy and Gordon Stewart},
  year={2012},
  note={\url{Version 2. RR-7987, pp.26. {\tt <hal-00703441>}}}
}
@inproceedings{jpl-validating,
  title={Validating {LR}(1) Parsers},
  author={Jacques-Henri Jourdan and Fran\c{c}ois Pottier and Xavier Leroy},
  booktitle={ESOP},
  year={2012},
  note={\url{http://gallium.inria.fr/~xleroy/publi/validated-parser.pdf}}
}
@phdthesis{k-standard,
  title={The {C} standard formalized in {C}oq},
  author={Robbert Krebbers},
  year={2015},
  note={\url{http://robbertkrebbers.nl/research/thesis.pdf}}
}
@inproceedings{las-compiler,
  title={Compiler Validation via Equivalence Modulo Inputs},
  author={Vu Le and Mehrdad Afshari and Zhendong Su},
  year={2014},
  booktitle={POPL},
  note={\url{https://mehrdadafshari.com/emi/paper.pdf}}
}
@article{bjlm-floating,
  title={A Formally-Verified {C} Compiler Supporting Floating-Point Arithmetic},
  author={Sylvie Boldo and Jacques-Henri Jourdan and Xavier Leroy and Guillaume Melquiond},
  year={2014},
  note={\url{http://www.imm.dtu.dk/arith21/presentations/pres_64.pdf}}
}
@article{pr-menhir,
  title={{M}enhir Reference Manual},
  author={Fran\c{c}ois Pottier and Yann R\'{e}gis-Gianas},
  note={\url{http://gallium.inria.fr/~fpottier/menhir/manual.pdf}~Version 20151103}
}
@article{pcgghsy-software,
  title={Software Foundations},
  author={Benjamin C. Pierce
          and Chris Casinghino
          and Marco Gaboardi
          and Michael Greenberg
          and C\u{a}t\u{a}lin Hri\c{t}cu
          and Vilhelm Sj\"{o}berg
          and Brent Yorgey},
  note={with Loris D'Antoni
        and Andrew W. Appel
        and Arthur Azevedo de Amorim
        and Arthur Chargueraud
        and Anthony Cowley
        and Jeffrey Foster
        and Dmitri Garbuzov
        and Michael Hicks
        and Ranjit Jhala
        and Greg Morrisett
        and Jennifer Paykin
        and Mukund Raghothaman
        and Chung-chieh Shan
        and Leonid Spesivtsev
        and Andrew Tolmach
        and Stephanie Weirich
        and and Steve Zdancewic},
  note={\url{https://www.cis.upenn.edu/~bcpierce/sf/current/index.html}}
}
@inproceedings{nz-witnessing,
  title={Witnessing Program Transformations},
  author={Kedar S. Namjoshi and Lenore D. Zuck},
  booktitle={SAS},
  year={2013}
}
@inproceedings{rl-validating,
  title={Validating Register Allocation and Spilling},
  author={Silvain Rideau and Xavier Leroy},
  booktitle={CC},
  year={2010}
}
@inproceedings{l-verified,
  title={Verified Squared: Does Critical Software Deserve Verified Tools?},
  author={Xavier Leroy},
  booktitle={POPL},
  year={2011},
  note={Invited Talk}
}
@inproceedings{l-coinductive,
  title={Coinductive Big-Step Operational Semantics},
  author={Xavier Leroy},
  booktitle={ESOP},
  year={2006},
  note={\url{http://gallium.inria.fr/~xleroy/publi/coindsem.pdf}}
}
@inproceedings{bgl-structured,
  title={A structured approach to proving compiler optimizations based on dataflow analysis},
  author={Yves Bertot and Benjamin Gr\'egoire and Xavier Leroy},
  booktitle={TYPES},
  year={2004}
}
@article{ieee-754,
  title={Standard for Floating-Point Arithmetic},
  author={IEEE},
  year={2008},
  note={\url{http://ieeexplore.ieee.org/xpl/articleDetails.jsp?arnumber=4610935}}
}
@inproceedings{l-formal,
  title={Formal Verification of a Realistic Compiler},
  author={Xavier Leroy},
  booktitle={CACM},
  year={2009}
}
@inproceedings{bdl-formal,
  title={Formal Verification of a {C} compiler front-end},
  author={Sandrine Blazy and Zaynah Dargaye and Xavier Leroy},
  booktitle={FM},
  year={2006}
}
@inproceedings{jlblp-verasco,
  title={A Formally-Verified {C} Static Analyzer},
  author={Jaques-Henri Jourdan and Vincent Laporte and Sandrive Blazy and Xavier Leroy and David Pichardie},
  booktitle={POPL},
  year={2015},  
  note={\url{http://gallium.inria.fr/~xleroy/publi/verasco-popl2015.pdf}}
}
@inproceedings{ab-separation,
  title={Separation logic for small-step Cminor},
  author={Andrew W. Appel and Sandrine Blazy},
  booktitle={TPHOLs},
  year={2007},
  note={\url{http://www.ensiie.fr/~blazy/AppelBlazy07.pdf}}
}
@inproceedings{ga-iterated,
  title={Iterated Register Coalescing},
  author={Lal George and Andrew W. Appel},
  booktitle={TOPLAS},
  year={1996}
}
@book{munchnik,
  title={Advanced Compiler Design and Implementation},
  author={Steven Muchnik},
  publisher={Morgan Kaufmann},
  isbn={1558603204},
  year={1997}
}
@inproceedings{bcg-characterizing,
  title={Characterizing Finite Kripke Structures in Propositional Temporal Logic},
  author={M.C. Browne and E.M. Clarke and O. Gr\"umberg},
  booktitle={TCS},
  year={1988},
  note={\url{http://www.cs.cmu.edu/~emc/papers/Papers\%20In\%20Refereed\%20Journals/CharacterizingFiniteKripkeStructuresInPropositionalTemporalLogic.pdf}}
}