@inproceedings{pa-verifying,
  title={Verifying an Open Compiler Using Multi-Language Semantics},
  author={James T. Perconti and Amal Ahmed},
  booktitle={ESOP},
  year={2014},
}
