@inproceedings{kt-blame,
  title={Blame Assignment for Higher-Order Contracts with Intersection and Union},
  author={Matthias Keil and Peter Thiemann},
  booktitle={ICFP},
  year={2015},
}
@inproceedings{kt-treat,
  title={TreatJS: Higher-Order Contracts for JavaScript},
  author={Matthias Keil and Peter Thiemann},
  booktitle={ECOOP},
  year={2015}
}
