@inproceedings{ff-contracts,
  title={Contracts for Higher-Order Functions},
  author={Robert Bruce Findler and Matthias Felleisen},
  booktitle={ICFP},
  year={2002},
}
school={Northeastern University},
note={\url{http://www.eecs.northwestern.edu/~robby/pubs/papers/ho-contracts-techreport.pdf}},

@phdthesis{g-manifest,
  title={Manifest Contracts},
  author={Greenberg, Michael},
  year={2013},
  school={University of Pennsylvania}
}