@inproceedings{s-inline,
  title={Inline Expansion: \emph{when} and \emph{how}?},
  author={Manuel Serrano},
  booktitle={PLILP},
  year={1997},
}
