@inproceedings{otmw-dynamic,
  title={Dynamic Typing with Dependent Types},
  author={Xinming Ou and Gang Tan and Yitzhak Mandelbaum and David Walker},
  booktitle={TCS},
  year={2004},
}
