@inproceedings{fafh-static,
  title={Dynamic Inference of Static Types for Ruby},
  author={Jong-hoon An and Avik Chaudhuri and Jeffrey S. Foster and Michael Hicks},
  booktitle={POPL},
  year={2011},
}
