@inproceedings{mf-operational,
  title={Operational Semantics for Multi-Language Programs},
  author={Jacob Matthews and Robert Bruce Findler},
  booktitle={POPL},
  year={2007},
}
