@inproceedings{afm-substructural,
  title={A Step-Indexed Model of Substructural State},
  author={Amal Ahmed and Matthew Fluet and Greg Morrisett},
  booktitle={ICFP},
  year={2005},
}
@inproceedings{maf-linear,
  title={A Step-Indexed Model of Substructural State},
  author={Greg Morrisett and Amal Ahmed and Matthew Fluet},
  booktitle={TCLA},
  year={2005},
}
@inproceedings{w-substructural,
  title={Substructural Type Systems},
  author={David Walker},
  booktitle={ATAPL},
  year={2005},
}
