@inproceedings{gpw-contracts,
  title={Contracts Made Manifest},
  author={Michael Greenberg and Benjamin C. Pierce and Stephanie Weirich},
  booktitle={POPL},
  year={2010},
}
@inproceedings{g-combining,
  title={Combining Manifest Contracts with State},
  author={Michael Greenberg},
  booktitle={HOPE},
  year={2015},
}
@inproceedings{kt-treat,
  title={TreatJS: Higher-Order Contracts for JavaScript},
  author={Matthias Keil and Peter Thiemann},
  booktitle={ECOOP},
  year={2015}
}
@inproceedings{f-bindings,
  title={Bindings as Sets of Scopes},
  author={Matthew Flatt},
  booktitle={POPL},
  year={2016},
  url={http://www.cs.utah.edu/plt/publications/popl16-f.pdf}
}
