@inproceedings{tp-stateful,
  title={Stateful Contracts for Affine Types},
  author={Jesse A. Tov and Ricardo Pucella},
  booktitle={ESOP},
  year={2010},
}

@inproceedings{mf-operational,
  title={Operational Semantics for Multi-Language Programs},
  author={Jacob Matthews and Robert Bruce Findler},
  booktitle={POPL},
  year={2007},
}
