@inproceedings{p-criteria,
  title={On the Criteria To Be Used in Decomposing Systems into Modules},
  author={D.L. Parnas},
  booktitle={Programming Techniques},
  year={1972},
}
