@inproceedings{sbca-compositional,
  title={Compositional CompCert},
  author={Gordon Stewart and Lennart Beringer and Santiago Cuellar and Andrew W. Appel},
  booktitle={POPL},
  year={2015},
}
