@inproceedings{kf-hybrid,
  title={Hybrid Type Checking},
  author={Kenneth Knowles and Cormac Flanagan},
  booktitle={TOPLAS},
  year={2009},
}
@inproceedings{nchmw-ccured,
  title={CCured: Type-Safe Retrofitting of Legacy Software},
  author={George C. Necula and Jeremy Condit and Matthew Harren and Scott McPeak and Westley Weimer},
  booktitle={TOPLAS},
  year={2005}
}
