@inproceedings{ajp-sound,
  title={Sound Modular Verification of {C} Code Executing in an Unverified Context},
  author={Pieter Agten and Bart Jacobs and Frank Piessens},
  booktitle={POPL},
  year={2015},
}
