@inproceedings{hjms-lazy,
  title={Lazy Abstraction},
  author={Thomas A. Henzinger and Ranjit Jhala and Rupak Majumdar and Gr\'{e}goire Sutre},
  booktitle={POPL},
  year={2002},
}
