@inproceedings{le-sound,
  title={Sound Type-Dependent Syntactic Language Extension},
  author={Florian Lorenzen and Sebastian Erdweg},
  booktitle={POPL},
  year={2016},
}
