@inproceedings{pasjcp-secure,
  title={Secure Compilation to Protected Module Architectures},
  author={Marco Patrignani and Pieter Agten and Raoul Strackx and Bart Jacobs and Dave Clarke and Frank Piessens},
  booktitle={TOPLAS},
  year={2015},
}
