@inproceedings{mwcg-from,
  title={From System F to Typed Assembly Language},
  author={Greg Morrisett and David Walker and Karl Crary and Neal Glew},
  booktitle={TOPLAS},
  year={1999},
}
@inproceedings{ajp-sound,
  title={Sound Modular Verification of {C} Code Executing in an Unverified Context},
  author={Pieter Agten and Bart Jacobs and Frank Piessens},
  booktitle={POPL},
  year={2015},
}
@inproceedings{h-hints,
  title={Hints on Programming Language Design},
  author={C.A.R. Hoare},
  booktitle={Stanford AI Lab, MEMO AIM 224},
  year={1973}
}
