@inproceedings{ghrst-kleenex,
  title={Kleenex: Compiling Nondeterministic Transducers to Deterministic Streaming Transducers},
  author={Bj{\o}rn Bugge Grathwohl
          and Fritz Henglein
          and Ulrik Terp Rasmussen 
          and Kristoffer Aalund S{\o}holm
          and Sebastian Paaske T{\o}rholm},
  booktitle={POPL},
  year={2016},
}
@inproceedings{h-spin,
  title={The Model Checker {\sc Spin}},
  author={Gerard J. Holzmann},
  booktitle={IEEE Transactions on Software Engineering},
  year={1997},
}
