@inproceedings{nz-witnessing,
  title={Witnessing Program Transformations},
  author={Kedar S. Namjoshi and Lenore D. Zuck},
  booktitle={SAS},
  year={2013},
}
