@inproceedings{namb-abstract,
  title={Abstract Predicates and Mutable ADTs in Hoare Type Theory},
  author={Aleksandar Nanevski and Amal Ahmed and Greg Morrisett and Lars Birkedal},
  booktitle={ESOP},
  year={2007},
}
