@article{c-jsl-1957,
  title = {Three Uses of the Herbrand-Gentzen theorem in relating model theory and proof theory},
  author = {William Craig},
  booktitle = {Journal of Symbolic Logic},
  year = {1957}
}
@article{m-tacas-2005,
  title={Applications of Craig Interpolants in Model Checking},
  author={K.L. McMillan},
  booktitle={TACAS},
  year={2005}
}
@article{k-jsl-1997,
  title={Interpolation theorems, lower bounds for proof systems, and independence results for bounded arithmetic},
  author={Jan Kraj\'{i}\u{c}ek},
  booktitle={Journal of Symbolic Logic},
  year={1997}
}
@article{bkrw-preprint-2010,
  title={Program Verification via Craig Interpolation for Presburger Arithmetic with Arrays},
  author={Angelo Brillout and Daniel Kroening and Phillip R\"ummer and Thomas Wahl},
  booktitle={Unpublished Manuscript},
  note={\url{http://www.ccs.neu.edu/home/wahl/Publications/bkrw10a.pdf}},
  year={2010}
}
@article{d-nyu-2015,
  title={Interpolation: Theory and Applications},
  author={Vijay D'Silva},
  booktitle={{SAT/SMT} Summer School 2015},
  year={2015},
  note={\url{http://www.cs.nyu.edu/~barrett/summerschool/dsilva.pdf}}
}
@article{m-tcs-2005,
  title={An Interpolating Theorem Prover},
  author={K.L. McMillan},
  booktitle={TCS},
  year={2005},
  note={\url{http://www.kenmcmil.com/pubs/TCS05.pdf}}
}
@article{m-pal-1984,
  title={Tautologies with a unique Craig Interpolant vs. nonuniform complexity},
  author={Daniele Mundici},
  year={1984},
  booktitle={Annals of Pure and Applied Logic}
}
@article{kmz-sigsoft-2006,
  title={Interpolation for Data Structures},
  author={Deepak Kapur and Rupak Majumdar and Calogero G. Zarba},
  booktitle={SIGSOFT},
  note={\url{https://www.cs.unm.edu/~kapur/mypapers/Interpolation_for_data_structures.pdf}}
}
@article{g-fmcad-2011,
  title={Effective Word-Level Interpolation for Software Verification},
  author={Alberto Griggio},
  booktitle={FMCAD},
  year={2011}
}
@article{jcg-cav-2008,
  title={Efficient Craig Interpolation for Linear Diophantine (Dis)Equations and Linear Modular Equations},
  author={Himanshu Jain and Edmund Clarke and Orna Grumberg},
  booktitle={CAV},
  year={2008}
}
