@inproceedings{rs-chain,
  title={Chain Replication for Supporting High Throughput and Availability},
  author={Robbert van Renesse and Fred Schneider},
  booktitle={OSDI},
  year={2004}
}
