@article{p-call,
  title={Call-By-Name, Call-By-Value, and the lambda Calculus},
  author={Gordon Plotkin},
  journal={Theoretical Computer Science},
  volume={1},
  pages={125-159},
  year={1975},
  url={http://homepages.inf.ed.ac.uk/gdp/publications/cbn_cbv_lambda.pdf}
}
@article{l-next,
  title={The Next 700 Programming Languages},
  author={Peter J. Landin},
  booktitle={Programming Languages and Pragmatics},
  year={1966},
  url={http://www.inf.ed.ac.uk/teaching/courses/epl/Landin66.pdf}
}
@article{nauer-algol,
  title={Report on the Algorithmic Language {ALGOL}-60},
  author={F. L. Bauer
          and J. Green
          and C. Katz
          and R. Kogon
          and P. Naur
          and K. Samelson
          and J. H. Wegstein
          and A. van Wijngaarden
          and M. Woodger},
  year={1963},
  url={http://web.eecs.umich.edu/~bchandra/courses/papers/Naure_Algol60.pdf}
}
@article{c-unsolvable,
  title={An Unsolvable Problem of Elementary Number Theory},
  author={Alonzo Church},
  journal={American Journal of Mathematics},
  volume={58},
  year={1936},
  url={https://www.ics.uci.edu/~lopes/teaching/inf212W12/readings/church.pdf}
}
@article{l-mechanical,
  title={The Mechanical Evaluation of Expressions},
  author={Peter J. Landin},
  journal={The Computer Journal},
  volume={6},
  number={4},
  pages={308--320},
  year={1964},
  url={https://www.cs.cmu.edu/afs/cs/user/crary/www/819-f09/Landin64.pdf}
}
@book{cf-combinatory,
  title={Combinatory Logic},
  author={H. B. Curry and R. Feys},
  volume={I},
  publisher={North Holland},
  city={Amsterdam},
  year={1958},
  url={http://www.jstor.org/stable/2182503}
}