@inproceedings{fgr-lazy,
  title={Lazy Contract Checking for Immutable Data Structures},
  author={Robert Bruce Findler and Shu-yu Guo and Anne Rogers},
  booktitle={IFL},
  year={2007},
}
