@inproceedings{cf-profiling,
  title={Profiling for Laziness},
  author={Stephen Chang and Matthias Felleisen},
  booktitle={POPL},
  year={2014},
}
