@inproceedings{stff-chaperones,
  title={Chaperones and Impersonators: Run-time Support for Reasonable Interposition},
  author={T. Stephen Strickland and Sam Tobin-Hochstadt and Robert Bruce Findler and Matthew Flatt},
  booktitle={OOPSLA},
  year={2012}
}
