@inproceedings{dcb-product,
  title={Product Lines of Theorems},
  author={Benjamin Delaware and William R. Cook and Don Batory},
  booktitle={OOPSLA},
  year={2011},
}
