@article{k-unified,
  title={A unified approach to global program optimization},
  author={Gary A. Kildall},
  year={1973},
  booktitle={POPL},
  note={\url{http://drona.csa.iisc.ernet.in/~deepakd/pav/kildall-popl73.pdf}}
}
@article{src,
  title={The {C}omp{C}ert Verified {C} Compiler Commented Coq Development},
  author={Xavier Leroy},
  year={2015},
  note={\url{http://compcert.inria.fr/doc/index.html}~Last updated 2015-06-12}
}
@article{refman,
  title={The {C}omp{C}ert Verified {C} Compiler Documentation and user's manual},
  author={Xavier Leroy},
  year={2015},
  note={\url{http://compcert.inria.fr/man/manual.pdf}~Last updated 2015-06-11}
}
@article{website,
  title={{C}omp{C}ert},
  author={{INRIA}},
  note={\url{http://compcert.inria.fr/index.html}~Accessed 2015-11-08}
}
@inproceedings{jlblp-verasco,
  title={A Formally-Verified {C} Static Analyzer},
  author={Jaques-Henri Jourdan and Vincent Laporte and Sandrive Blazy and Xavier Leroy and David Pichardie},
  booktitle={POPL},
  year={2015},
  note={\url{http://gallium.inria.fr/~xleroy/publi/verasco-popl2015.pdf}}
}
@article{death-b,
  title={The death of optimizing compilers},
  author={Daniel A. Bernstein},
  year={2015},
  note={\url{https://cr.yp.to/talks/2015.04.16/slides-djb-20150416-a4.pdf}}
}
@inproceedings{stabilizer-cb,
  title={Stabilizer: Statistically Sound Performance Evaluation},
  author={Charlie Curtsinger and Emery Berger},
  booktitle={ASPLOS},
  year={2013},
  note={\url{http://plasma.cs.umass.edu/emery/stabilizer.html}}
}
@article{plm,
  title={{PL/M}-80 Programming Manual},
  author={Intel Corporation},
  year={1980},
  note={\url{http://bitsavers.trailing-edge.com/pdf/intel/PLM/9800268B_PLM-80_Programming_Manual_Jan80.pdf}}
}
@article{cpm,
  title={{CP/M Plus} Programmers Guide},
  author={},
  year={1983},
  note={\url{http://www.cpm.z80.de/manuals/cpm3-pgr.pdf}}
}
