@inproceedings{g-verisoft,
  title={Model Checking for Programming Languages with VeriSoft},
  author={P. Godefroid},
  booktitle={POPL},
  year={1997},
}
@inproceedings{g-using,
  title={Using Partial Orders to improve Automatic Verification Methods},
  author={P. Godefroid},
  booktitle={CAV},
  year={1991}
}
@inproceedings{gp-refining,
  title={Refining Dependencies improves partial order verification methods},
  author={P. Godefroid and D. Pirottin},
  booktitle={CAV},
  year={1993}
}
