@inproceedings{tv-euteco-1988,
  title={A Critique of the Remote Procedure Call Paradigm},
  author={Andrew S. Tanenbaum and Robbert van Renesse},
  booktitle={euteco},
  year={1988},
}
