@inproceedings{dtf-complete,
  title={Complete Monitors for Behavioral Contracts},
  author={Christos Dimoulas and Sam Tobin-Hochstadt and Matthias Felleisen},
  booktitle={ESOP},
  year={2012},
}
